@inproceedings{mahmud2023safety,
  title={Safety Helmet Detection of Workers in Construction Site using YOLOv8},
  author={Mahmud, Syed Shakil and Islam, Md Ashraful and Ritu, Khandaker Jannatul and Hasan, Mahmudul and Kobayashi, Yoshinori and Mohibullah, Md},
  booktitle={2023 26th International Conference on Computer and Information Technology (ICCIT)},
  pages={1--6},
  year={2023},
  organization={IEEE}
}

@article{kim2023application,
  title={Application of YOLO v5 and v8 for Recognition of Safety Risk Factors at Construction Sites},
  author={Kim, Kyunghwan and Kim, Kangeun and Jeong, Soyoon},
  journal={Sustainability},
  volume={15},
  number={20},
  pages={15179},
  year={2023},
  publisher={MDPI}
}

@article{liao2023computer,
  title={Computer vision-based monitoring method of non-wearing helmet events using face recognition},
  author={Liao, Chenrui and Chen, Hongyan and Liu, Chenxi and Yu, Ying and Zhao, Pengfei},
  year={2023}
}

@article{oviedo2024implementacion,
  title={Implementaci{\'o}n de un Sistema de Detecci{\'o}n de Equipos de Protecci{\'o}n Personal Mediante Visi{\'o}n Artificial para Trabajadores del Sector Industrial},
  author={Oviedo Agramonte, Danny Arnaldo},
  year={2024},
  publisher={Universidad Cat{\'o}lica de Santa Mar{\'\i}a}
}

@article{pomadesarrollo,
  title={Desarrollo de un algoritmo computacional de detecci{\'o}n de equipos de protecci{\'o}n el{\'e}ctrica en personas, orientado a sistemas de vigilancia basados en c{\'a}maras IP},
  author={Poma Astete, Raul Felipe and Alarcon Carpio, Juan Carlos},
  publisher={Universidad Peruana de Ciencias Aplicadas (UPC)}
}